@book{10520:2000:4.1-1,
 author  ={X. Y. Z. Authler-Reiriz},
 year    =1982,
 title   ={Exemplo de cita{\c c}\~ao no texto}}
@book{10520:2000:4.1-2,
 author  ={X. Y. Z. Derrida},
 year    =1967,
 title   ={Exemplo de cita{\c c}\~ao no texto},
 pages   =293}
@book{10520:2000:4.1-3,
 year    =1978,
 title   ={Depoimento sobre qualquer coisa},
 pages   ={101-114}}
@book{10520:2000:4.2-1,
 author  ={X. Y. Z. Mumford},
 year    =1949,
 title   ={Exemplo de cita{\c c}\~ao no texto}}
@book{10520:2000:4.2-2,
 author  ={X. Y. Z. Oliveira and X. Y. Z. Leonardos},
 year    =1943,
 title   ={Exemplo de cita{\c c}\~ao no texto}}
@book{10520:2000:4.2-3,
 author  ={X. Y. Z. Pereira~de~S\'a},
 year    =1995,
 title   ={Exemplo de cita{\c c}\~ao no texto}}
@book{10520:2000:4.8,
 author  ={X. Y. Z. Souto},
 year    =1916,
 title   ={Exemplo de cita{\c c}\~ao no texto}}
@book{10520:2000:4.8.1,
 author  ={X. Y. Z. Candido},
 year    =1993,
 title   ={Exemplo de cita{\c c}\~ao no texto}}
@book{10520:2000:5.1.3a,
 author  ={X. Y. Z. Reeside},
 year    =1927,
 title   ={Exemplo de cita{\c c}\~ao no texto}}
@book{10520:2000:5.1.3b,
 author  ={X. Y. Z. Reeside},
 year    =1927,
 title   ={Exemplo de cita{\c c}\~ao no texto}}
@book{10520:2000:5.1.4,
 author  ={X. Y. Z. Cruz and X. Y. Z. Correa and X. Y. Z. Costa},
 year    =1998,
 title   ={Exemplo de cita{\c c}\~ao no texto}}
@book{10520:2000:5.1.4-98,
 author  ={X. Y. Z. Cruz and X. Y. Z. Correa and X. Y. Z. Costa},
 year    =1998,
 title   ={Exemplo de cita{\c c}\~ao no texto}}
@book{10520:2000:5.1.4-99,
 author  ={X. Y. Z. Cruz and X. Y. Z. Correa and X. Y. Z. Costa},
 year    =1999,
 title   ={Exemplo de cita{\c c}\~ao no texto}}
@book{10520:2000:5.1.4-00,
 author  ={X. Y. Z. Cruz and X. Y. Z. Correa and X. Y. Z. Costa},
 year    =2000,
 title   ={Exemplo de cita{\c c}\~ao no texto}}
@book{10520:2000:5.1.5a,
 author  ={X. Y. Z. Fonseca},
 year    =1997,
 title   ={Exemplo de cita{\c c}\~ao no texto}}
@book{10520:2000:5.1.5b,
 author  ={X. Y. Z. Paiva},
 year    =1997,
 title   ={Exemplo de cita{\c c}\~ao no texto}}
@book{10520:2000:5.1.5c,
 author  ={X. Y. Z. Silva},
 year    =1997,
 title   ={Exemplo de cita{\c c}\~ao no texto}}
@book{10520:2000:5.1.5ab,
 author  ={X. Y. Z. Fonseca and X. Y. Z. Paiva},
 year    =1997,
 title   ={Exemplo de cita{\c c}\~ao no texto}}
@book{Evans1987,
 author  ={X. Y. Z. Evans},
 year    =1987,
 title   ={Exemplo de cita{\c c}\~ao no texto}}
@hidden{Sage1992,
 author  ={X. Y. Z. Sage},
 year    =1992,
 title   ={Exemplo de cita{\c c}\~ao no texto}}
@hidden{Silva1992,
 author  ={X. Y. Z. Silva},
 year    =1992}
@book{Abreu1999,
 author  ={X. Y. Z. Abreu},
 year    =1999,
 title   ={Exemplo de cita{\c c}\~ao no texto}}
@book{10520-2002:6.3-1,
 author  ={Jos\'e Reinaldo de Lima Lopes},
 title   ={O direito na história},
 address ={S\~ao Paulo},
 publisher={Max Limonad},
 year    =2000}
@book{10520-2002:6.3-2,
 author   ={Noberto Bobbio},
 title    ={O positivismo jur{\'\i}dico},
 subtitle ={li{\c c}\~oes de Filosofia do Direito},
 publisher={\'Icone},
 address  ={S\~ao Paulo},
 year     =1995}
@article{10520-2002:6.3-3,
 author   ={Jossua, Jean Pierre and Metz, Johann Baptist},
 title    ={Editorial: Teologia e Literatura},
 journal  ={Concilium},
 address  ={Petr\'opolis},
 volume   =115,
 number   =5,
 pages    ={2-5},
 year     =1976}
@book{10520-2002:6.3-4,
 author   ={S. Merriam and R. Caffarella},
 title    ={Learning in adulthood},
 subtitle ={a comprehensive guide},
 address  ={San Francisco},
 publisher={Jossey-Bass},
 year     =1991}
@book{10520-2002:6.3-5,
 organization={Comiss\~ao das Comunidades Europ\'eias},
 title    ={A uni\~ao europ\'eia},
 address  ={Luxemburgo},
 publisher={Servi{\c c}o das Publica{\c c}\~oes Oficiais das Comunidades Europ\'eias},
 year     =1992}
@manual{10520-2002:6.3-6,
 organization={Brasil. {Ministério da Administra{\c c}\~ao Federal e da Reforma do Estado}},
 org-short   ={Brasil},
 title      ={Plano diretor da reforma do aparelho do estado},
 address    ={Brasília, DF},
 year       =1995}
@article{10520-2002:6.3-7,
 title      ={Anteprojeto de lei},
 journal    ={Estudos e Debates},
 address    ={Brasília, DF},
 number     =13,
 pages      ={51-60},
 month      =jan,
 year       =1987}
@article{10520-2002:6.3-8,
 title      ={A~flor prometida},
 journal    ={A Folha de S.~Paulo},
 address    ={S\~ao Paulo},
 pages      =4,
 month      ="2 " # apr,
 year       =1995}
@article{10520-2002:6.3-9,
 title      ={Nos~canaviais, mutila{\c c}\~ao em vez de lazer e escola},
 journal    ={O~Globo},
 address    ={Rio de Janeiro},
 month      ="16 " # jul,
 pages      =12,
 section    ={O Pa{\'\i}s},
 year       =1995,
 abnt-note  ={N\~ao sabemos porque no original a se{\c c}\~ao vem antes da p\'agina. Ainda estamos verificando isso.}}
@book{10520-2002:7.1.1,
 title      ={Direitos humanos, direitos sociais e justiça},
 publisher  ={Malheiros},
 address    ={São Paulo},
 year       =1994,
 editortype ={Org.},
 editor     ={José Eduardo Faria}}
